@book{butler1993apquant,
    author = {van Aswegen, G., and A. G. Butler},
    booktitle = {Applications of quantitative seismology in South African gold mines},
    title = {in Proceedings 3rd International Symposium on Rockbursts and Seismicity in Mines, Kingston, Ontario, Canada},
    publisher = {edited by R. P. Young, pp. 261–266, Balkema, Rotterdam, ISBN 90 5410320 5},
    year = {1993}
}

@article{GR1944,
author = {Gutenberg, B. and Richter, C.F.},
year = {1944},
month = {},
pages = {185-188},
journal= {Bulletin of the Seismological Society of America, 34},
title = {Frequency of Earthquakes in California}
}

@article{Meier2014,
author = {Meier, M.-A. and Werner, M. J. and Woessner, J. and Wiemer, S.},
title = {A search for evidence of secondary static stress triggering during the 1992 M7.3 Landers, California, earthquake sequence},
journal = {Journal of Geophysical Research: Solid Earth},
volume = {119},
number = {4},
pages = {3354-3370},
keywords = {Static Stress Triggering, Coulomb Stress Changes, Seismicity Forecasts, Aftershock Triggering, Landers, Secondary Triggering},
doi = {10.1002/2013JB010385},
url = {https://agupubs.onlinelibrary.wiley.com/doi/abs/10.1002/2013JB010385},
eprint = {https://agupubs.onlinelibrary.wiley.com/doi/pdf/10.1002/2013JB010385},
year = {2014}
}

@article{Dietrich94,
author = {Dieterich, James},
title = {A constitutive law for rate of earthquake production and its application to earthquake clustering},
journal = {Journal of Geophysical Research: Solid Earth},
volume = {99},
number = {B2},
pages = {2601-2618},
doi = {10.1029/93JB02581},
url = {https://agupubs.onlinelibrary.wiley.com/doi/abs/10.1029/93JB02581},
eprint = {https://agupubs.onlinelibrary.wiley.com/doi/pdf/10.1029/93JB02581},
year = {1994}
}

@article{hubert1985comparing,
  title={Comparing partitions},
  author={Hubert, Lawrence and Arabie, Phipps},
  journal={Journal of classification},
  volume={2},
  pages={193--218},
  year={1985},
  publisher={Springer}
}

@online{fig-waves,
    author = {{British Geological Survey}},
    title = {How are Earthquakes detected},
    date = {2024-08-23},
    url = {https://www.bgs.ac.uk/discovering-geology/earth-hazards/earthquakes/how-are-earthquakes-detected/}
}

@article{amatrice,
    author = {Tan, Yen Joe and Waldhauser, Felix and Ellsworth, William L. and Zhang, Miao and Zhu, Weiqiang and Michele, Maddalena and Chiaraluce, Lauro and Beroza, Gregory C. and Segou, Margarita},
    title = "{Machine‐Learning‐Based High‐Resolution Earthquake Catalog Reveals How Complex Fault Structures Were Activated during the 2016–2017 Central Italy Sequence}",
    journal = {The Seismic Record},
    volume = {1},
    number = {1},
    pages = {11-19},
    year = {2021},
    month = {05},
    issn = {2694-4006},
    doi = {10.1785/0320210001},
    url = {https://doi.org/10.1785/0320210001},
    eprint = {https://pubs.geoscienceworld.org/ssa/tsr/article-pdf/1/1/11/5300233/tsr-2021001.1.pdf},
}

@article{gamma,
   title={Earthquake Phase Association Using a Bayesian Gaussian Mixture Model},
   volume={127},
   ISSN={2169-9356},
   url={http://dx.doi.org/10.1029/2021JB023249},
   DOI={10.1029/2021jb023249},
   number={5},
   journal={Journal of Geophysical Research: Solid Earth},
   publisher={American Geophysical Union (AGU)},
   author={Zhu, Weiqiang and McBrearty, Ian W. and Mousavi, S. Mostafa and Ellsworth, William L. and Beroza, Gregory C.},
   year={2022},
   month=may }

@misc{neuma,
      title={Neural mixture model association of seismic phases}, 
      author={Zachary E. Ross and Weiqiang Zhu and Kamyar Azizzadenesheli},
      year={2023},
      eprint={2301.02597},
      archivePrefix={arXiv},
      primaryClass={physics.geo-ph},
      url={https://arxiv.org/abs/2301.02597}, 
}

@article{quakeflow,
   title={QuakeFlow: a scalable machine-learning-based earthquake monitoring workflow with cloud computing},
   volume={232},
   ISSN={1365-246X},
   url={http://dx.doi.org/10.1093/gji/ggac355},
   DOI={10.1093/gji/ggac355},
   number={1},
   journal={Geophysical Journal International},
   publisher={Oxford University Press (OUP)},
   author={Zhu, Weiqiang and Hou, Alvin Brian and Yang, Robert and Datta, Avoy and Mousavi, S Mostafa and Ellsworth, William L and Beroza, Gregory C},
   year={2022},
   month=sep, pages={684–693} }

@article{pyocto,
   title={PyOcto: A high-throughput seismic phase associator},
   volume={3},
   ISSN={2816-9387},
   url={http://dx.doi.org/10.26443/seismica.v3i1.1130},
   DOI={10.26443/seismica.v3i1.1130},
   number={1},
   journal={Seismica},
   publisher={McGill University Library and Archives},
   author={Münchmeyer, Jannes},
   year={2024},
   month=jan }

@article{real,
    author = {Zhang, Miao and Ellsworth, William L. and Beroza, Gregory C.},
    title = "{Rapid Earthquake Association and Location}",
    journal = {Seismological Research Letters},
    volume = {90},
    number = {6},
    pages = {2276-2284},
    year = {2019},
    month = {09},
    issn = {0895-0695},
    doi = {10.1785/0220190052},
    url = {https://doi.org/10.1785/0220190052},
    eprint = {https://pubs.geoscienceworld.org/ssa/srl/article-pdf/90/6/2276/4856342/srl-2019052.1.pdf},
}

@article{pairwise,
    author = {McBrearty, Ian W. and Delorey, Andrew A. and Johnson, Paul A.},
    title = "{Pairwise Association of Seismic Arrivals with Convolutional Neural Networks}",
    journal = {Seismological Research Letters},
    volume = {90},
    number = {2A},
    pages = {503-509},
    year = {2019},
    month = {01},
    issn = {0895-0695},
    doi = {10.1785/0220180326},
    url = {https://doi.org/10.1785/0220180326},
    eprint = {https://pubs.geoscienceworld.org/ssa/srl/article-pdf/90/2A/503/4655348/srl-2018326.1.pdf},
}

@article{phaselink,
author = {Ross, Zachary E. and Yue, Yisong and Meier, Men-Andrin and Hauksson, Egill and Heaton, Thomas H.},
title = {PhaseLink: A Deep Learning Approach to Seismic Phase Association},
journal = {Journal of Geophysical Research: Solid Earth},
volume = {124},
number = {1},
pages = {856-869},
keywords = {phase association, deep learning, earthquake detection, earthquake monitoring},
doi = {https://doi.org/10.1029/2018JB016674},
url = {https://agupubs.onlinelibrary.wiley.com/doi/abs/10.1029/2018JB016674},
eprint = {https://agupubs.onlinelibrary.wiley.com/doi/pdf/10.1029/2018JB016674},
year = {2019}
}

@article{gnn,
   title={Earthquake Phase Association with Graph Neural Networks},
   volume={113},
   ISSN={1943-3573},
   url={http://dx.doi.org/10.1785/0120220182},
   DOI={10.1785/0120220182},
   number={2},
   journal={Bulletin of the Seismological Society of America},
   publisher={Seismological Society of America (SSA)},
   author={McBrearty, Ian W. and Beroza, Gregory C.},
   year={2023},
   month=jan, pages={524–547} }

@misc{neuraloperator,
      title={Phase Neural Operator for Multi-Station Picking of Seismic Arrivals}, 
      author={Hongyu Sun and Zachary E. Ross and Weiqiang Zhu and Kamyar Azizzadenesheli},
      year={2023},
      eprint={2305.03269},
      archivePrefix={arXiv},
      primaryClass={physics.geo-ph},
      url={https://arxiv.org/abs/2305.03269}, 
}

@misc{plan4,
      title={Multi-task multi-station earthquake monitoring: An all-in-one seismic Phase picking, Location, and Association Network (PLAN)}, 
      author={Xu Si and Xinming Wu and Zefeng Li and Shenghou Wang and Jun Zhu},
      year={2023},
      eprint={2306.13918},
      archivePrefix={arXiv},
      primaryClass={physics.geo-ph},
      url={https://arxiv.org/abs/2306.13918}, 
}

@article{dempster,
  added-at = {2013-07-02T15:06:42.000+0200},
  author = {Dempster, A. P. and Laird, N. M. and Rubin, D. B.},
  biburl = {https://www.bibsonomy.org/bibtex/220a2bf528cbc6504f573625ecb78362e/mjobst},
  interhash = {6a3c3e7e36b05f7855a57eab65f93593},
  intrahash = {20a2bf528cbc6504f573625ecb78362e},
  journal = {Journal of the Royal Statistical Society: Series B},
  keywords = {},
  owner = {plankensteiner},
  pages = {1-38},
  timestamp = {2013-07-02T15:06:42.000+0200},
  title = {Maximum likelihood from incomplete data via the {EM} algorithm},
  url = {http://web.mit.edu/6.435/www/Dempster77.pdf},
  volume = 39,
  year = 1977
}

@book{bishop,
author = {Bishop, Christopher M.},
title = {Pattern Recognition and Machine Learning (Information Science and Statistics)},
year = {2006},
isbn = {0387310738},
publisher = {Springer-Verlag},
address = {Berlin, Heidelberg}
}

@article{scikit-learn,
  title={Scikit-learn: Machine Learning in {P}ython},
  author={Pedregosa, F. and Varoquaux, G. and Gramfort, A. and Michel, V.
          and Thirion, B. and Grisel, O. and Blondel, M. and Prettenhofer, P.
          and Weiss, R. and Dubourg, V. and Vanderplas, J. and Passos, A. and
          Cournapeau, D. and Brucher, M. and Perrot, M. and Duchesnay, E.},
  journal={Journal of Machine Learning Research},
  volume={12},
  pages={2825--2830},
  year={2011}
}

@inproceedings{dbscan,
author = {Ester, Martin and Kriegel, Hans-Peter and Sander, J\"{o}rg and Xu, Xiaowei},
title = {A density-based algorithm for discovering clusters in large spatial databases with noise},
year = {1996},
publisher = {AAAI Press},
booktitle = {Proceedings of the Second International Conference on Knowledge Discovery and Data Mining},
pages = {226–231},
numpages = {6},
keywords = {handling nlj4-275oise, efficiency on large spatial databases, clustering algorithms, arbitrary shape of clusters},
location = {Portland, Oregon},
series = {KDD'96}
}

@article{dirichlet,
  added-at = {2011-05-09T23:10:52.000+0200},
  author = {Blei, D. and Jordan, M.},
  biburl = {https://www.bibsonomy.org/bibtex/238485f37650b968325171b9afa4cb8dc/josephausterwei},
  interhash = {b981abbc2ceea082b118da76a36a4782},
  intrahash = {38485f37650b968325171b9afa4cb8dc},
  journal = {Journal of Bayesian Analysis},
  keywords = {imported},
  pages = {121-144},
  timestamp = {2011-05-10T10:42:42.000+0200},
  title = {Variational inference for {D}irichlet process mixtures},
  volume = 1,
  year = 2006
}